@article{coles2017entropic,
	title={Entropic uncertainty relations and their applications},
	author={Coles, Patrick J and Berta, Mario and Tomamichel, Marco and Wehner, Stephanie},
	journal={Reviews of Modern Physics},
	volume={89},
	number={1},
	pages={015002},
	year={2017},
	publisher={APS}
}

@article{cerf2002security,
	title={Security of quantum key distribution using d-level systems},
	author={Cerf, Nicolas J and Bourennane, Mohamed and Karlsson, Anders and Gisin, Nicolas},
	journal={Physical Review Letters},
	volume={88},
	number={12},
	pages={127902},
	year={2002},
	publisher={APS}
}

@article{bandyopadhyay2002new,
	title={A new proof for the existence of mutually unbiased bases},
	author={Bandyopadhyay, Somshubhro and Boykin, P Oscar and Roychowdhury, Vwani and Vatan, Farrokh},
	journal={Algorithmica},
	volume={34},
	number={4},
	pages={512--528},
	year={2002},
	publisher={Springer}
}

@article{Moulick2016ReviewOQ,
	title={Review of: Quantum Information Theory by Mark M. Wilde},
	author={Subhayan Roy Moulick},
	journal={SIGACT News},
	year={2016},
	volume={47},
	pages={12-14}
}

@article{broadbent2006power,
	title={On the power of non-local boxes},
	author={Broadbent, Anne and M{\'e}thot, Andr{\'e} Allan},
	journal={Theoretical Computer Science},
	volume={358},
	number={1},
	pages={3--14},
	year={2006},
	publisher={Elsevier}
}

@article{buhrman2001quantum,
	title={Quantum entanglement and communication complexity},
	author={Buhrman, Harry and Cleve, Richard and Van Dam, Wim},
	journal={SIAM Journal on Computing},
	volume={30},
	number={6},
	pages={1829--1841},
	year={2001},
	publisher={SIAM}
}

@article{popescu1994quantum,
	title={Quantum nonlocality as an axiom},
	author={Popescu, Sandu and Rohrlich, Daniel},
	journal={Foundations of Physics},
	volume={24},
	number={3},
	pages={379--385},
	year={1994},
	publisher={Springer}
}

@article{howard2014contextuality,
	title={Contextuality supplies the ‘magic’for quantum computation},
	author={Howard, Mark and Wallman, Joel and Veitch, Victor and Emerson, Joseph},
	journal={Nature},
	volume={510},
	number={7505},
	pages={351},
	year={2014},
	publisher={Nature Publishing Group}
}

@incollection{bell2001problem,
	title={On the problem of hidden variables in quantum mechanics},
	author={Bell, John S},
	booktitle={John S Bell On The Foundations Of Quantum Mechanics},
	pages={1--6},
	year={2001},
	publisher={World Scientific}
}

@incollection{kochen1975problem,
	title={The problem of hidden variables in quantum mechanics},
	author={Kochen, Simon and Specker, Ernst P},
	booktitle={The logico-algebraic approach to quantum mechanics},
	pages={293--328},
	year={1975},
	publisher={Springer}
}

@article{svozil2006staging,
	title={Staging quantum cryptography with chocolate balls},
	author={Svozil, Karl},
	journal={American Journal of Physics},
	volume={74},
	number={9},
	pages={800--803},
	year={2006},
	publisher={AAPT}
}

@article{Svozil2014,
	abstract = {Some quantum cryptographic protocols can be implemented with specially prepared metaphorical chocolate balls representing local hidden variables, others protected by value indefiniteness cannot. This latter feature, which follows from Bell– and Kochen–Specker type arguments, is only present in systems with three or more mutually exclusive outcomes. Conversely, there exist local hidden variable models based on chocolate ball configurations utilizable for cryptography which cannot be realized by quantum systems. The possibility that quantum cryptography supported by value indefiniteness (contextuality) has practical advantages over more conventional quantum cryptographic protocols remains highly speculative.},
	author = {Svozil, Karl},
	doi = {10.1016/J.TCS.2014.09.019},
	file = {:C$\backslash$:/Users/junan/AppData/Local/Mendeley Ltd./Mendeley Desktop/Downloaded/Svozil - 2014 - Non-contextual chocolate balls versus value indefinite quantum cryptography.pdf:pdf},
	issn = {0304-3975},
	journal = {Theoretical Computer Science},
	month = {dec},
	pages = {82--90},
	publisher = {Elsevier},
	title = {{Non-contextual chocolate balls versus value indefinite quantum cryptography}},
	url = {https://www.sciencedirect.com/science/article/pii/S0304397514006975},
	volume = {560},
	year = {2014}
}


@inproceedings{bennett1984quantum,
  title={Quantum cryptography: public key distribution and coin tossing Int},
  author={Bennett Ch, H and Brassard, G},
  booktitle={Conf. on Computers, Systems and Signal Processing (Bangalore, India, Dec. 1984)},
  pages={175--9},
  year={1984}
}